<record><leader>00000cas a22000007a 4500</leader><controlfield tag="001">20642702</controlfield><controlfield tag="008">891113c19239999wyuix ne      0   a0eng c</controlfield><datafield ind1=" " ind2=" " tag="010"><subfield code="a">sn 92066992 </subfield></datafield><datafield ind1=" " ind2=" " tag="040"><subfield code="a">WYU</subfield><subfield code="b">eng</subfield><subfield code="c">WYU</subfield><subfield code="d">NVO</subfield><subfield code="d">OCLCQ</subfield><subfield code="d">DLC</subfield><subfield code="d">OCLCQ</subfield><subfield code="d">OCLCF</subfield><subfield code="d">OCLCO</subfield></datafield><datafield ind1="1" ind2=" " tag="029"><subfield code="a">AU@</subfield><subfield code="b">000020711604</subfield></datafield><datafield ind1=" " ind2=" " tag="042"><subfield code="a">pcc</subfield></datafield><datafield ind1=" " ind2=" " tag="043"><subfield code="a">n-us-wy</subfield></datafield><datafield ind1=" " ind2=" " tag="090"><subfield code="a">LH1.W9</subfield><subfield code="b">W96</subfield></datafield><datafield ind1="0" ind2=" " tag="130"><subfield code="a">Branding iron (Laramie, Wyo.)</subfield></datafield><datafield ind1="1" ind2="4" tag="245"><subfield code="a">The branding iron.</subfield></datafield><datafield ind1="1" ind2="3" tag="246"><subfield code="a">Campus roundup</subfield></datafield><datafield ind1="1" ind2="3" tag="246"><subfield code="a">Summer roundup</subfield></datafield><datafield ind1="1" ind2="3" tag="246"><subfield code="a">Summer round-up</subfield></datafield><datafield ind1="1" ind2="3" tag="246"><subfield code="a">Roundup</subfield></datafield><datafield ind1="1" ind2="3" tag="246"><subfield code="a">Summer branding iron</subfield></datafield><datafield ind1="1" ind2="3" tag="246"><subfield code="a">University of Wyoming branding iron</subfield></datafield><datafield ind1=" " ind2=" " tag="260"><subfield code="a">Laramie, Wyo. :</subfield><subfield code="b">Associated Students of the University of Wyoming</subfield></datafield><datafield ind1=" " ind2=" " tag="300"><subfield code="a">v.</subfield></datafield><datafield ind1=" " ind2=" " tag="310"><subfield code="a">Daily (except Saturday, Sunday and holidays, weekly during exam week and summer),</subfield><subfield code="b">&lt;Aug. 29, 2005&gt;</subfield></datafield><datafield ind1=" " ind2=" " tag="321"><subfield code="a">Frequency varies,</subfield><subfield code="b">Mar. 14, 1923-&lt;Aug. 4, 2005&gt;</subfield></datafield><datafield ind1="0" ind2=" " tag="362"><subfield code="a">Vol. 28, no. 29 (Mar. 14, 1923)-</subfield></datafield><datafield ind1=" " ind2=" " tag="500"><subfield code="a">Title from caption.</subfield></datafield><datafield ind1=" " ind2=" " tag="500"><subfield code="a">Summer issues have title: 1958-1965, Campus roundup; 1966-1973, 1977-1979, 1981, Summer roundup; 1974-1976, Summer round-up; 1980, Roundup; 1982-&lt;1985&gt;, 1988-, Summer branding iron.</subfield></datafield><datafield ind1=" " ind2=" " tag="500"><subfield code="a">Not published during academic breaks.</subfield></datafield><datafield ind1=" " ind2=" " tag="515"><subfield code="a">Numbering is irregular.</subfield></datafield><datafield ind1=" " ind2=" " tag="588"><subfield code="a">Latest issue consulted: Vol. 107, no. 1 (Aug. 29, 2005).</subfield></datafield><datafield ind1="2" ind2="0" tag="610"><subfield code="a">University of Wyoming</subfield><subfield code="v">Newspapers.</subfield></datafield><datafield ind1=" " ind2="0" tag="650"><subfield code="a">College student newspapers and periodicals</subfield><subfield code="z">Wyoming.</subfield></datafield><datafield ind1=" " ind2="0" tag="651"><subfield code="a">Laramie (Wyo.)</subfield><subfield code="v">Newspapers.</subfield></datafield><datafield ind1=" " ind2="7" tag="655"><subfield code="a">Newspapers.</subfield><subfield code="2">fast</subfield><subfield code="0">(OCoLC)fst01423814</subfield></datafield><datafield ind1="2" ind2="7" tag="610"><subfield code="a">University of Wyoming.</subfield><subfield code="2">fast</subfield><subfield code="0">(OCoLC)fst00537664</subfield></datafield><datafield ind1=" " ind2="7" tag="650"><subfield code="a">College student newspapers and periodicals.</subfield><subfield code="2">fast</subfield><subfield code="0">(OCoLC)fst00867966</subfield></datafield><datafield ind1=" " ind2="7" tag="651"><subfield code="a">Wyoming.</subfield><subfield code="2">fast</subfield><subfield code="0">(OCoLC)fst01204583</subfield></datafield><datafield ind1=" " ind2="7" tag="651"><subfield code="a">Wyoming</subfield><subfield code="z">Laramie.</subfield><subfield code="2">fast</subfield><subfield code="0">(OCoLC)fst01208818</subfield></datafield><datafield ind1="2" ind2=" " tag="710"><subfield code="a">University of Wyoming.</subfield><subfield code="b">Associated Students.</subfield></datafield><datafield ind1=" " ind2=" " tag="752"><subfield code="a">United States</subfield><subfield code="b">Wyoming</subfield><subfield code="c">Albany</subfield><subfield code="d">Laramie.</subfield></datafield><datafield ind1="0" ind2="0" tag="780"><subfield code="t">Wyoming student</subfield><subfield code="w">(DLC)sn 92066991</subfield></datafield></record>